
@inproceedings{alkim_post-quantum_2016,
location = {Austin, {TX}},
title = {Post-quantum Key Exchange\{\${\textbackslash}backslash\$textemdash\}A New Hope},
isbn = {978-1-931971-32-4},
url = {https://www.usenix.org/conference/usenixsecurity16/technical-sessions/presentation/alkim},
pages = {327--343},
booktitle = {25th \{{USENIX}\} Security Symposium (\{{USENIX}\} Security 16)},
publisher = {\{{USENIX}\} Association},
author = {Alkim, Erdem and Ducas, Léo and Pöppelmann, Thomas and Schwabe, Peter},
date = {2016},
note = {Discusses crypto work in quantam computing and how to keep systems secure 1.00 minute 15.00 seconds}
}

@inproceedings{almeida_verifying_2016,
location = {Austin, {TX}},
title = {Verifying Constant-Time Implementations},
isbn = {978-1-931971-32-4},
url = {https://www.usenix.org/conference/usenixsecurity16/technical-sessions/presentation/almeida},
pages = {53--70},
booktitle = {25th \{{USENIX}\} Security Symposium (\{{USENIX}\} Security 16)},
publisher = {\{{USENIX}\} Association},
author = {Almeida, Jose Bacelar and Barbosa, Manuel and Barthe, Gilles and Dupressoir, François and Emmi, Michael},
date = {2016},
note = {May be worth learning about timeleaks for crypto analysis 2.00 minute 50.00 seconds}
}

@inproceedings{andriesse_-depth_2016,
location = {Austin, {TX}},
title = {An In-Depth Analysis of Disassembly on Full-Scale x86/x64 Binaries},
isbn = {978-1-931971-32-4},
url = {https://www.usenix.org/conference/usenixsecurity16/technical-sessions/presentation/andriesse},
pages = {583--600},
booktitle = {25th \{{USENIX}\} Security Symposium (\{{USENIX}\} Security 16)},
publisher = {\{{USENIX}\} Association},
author = {Andriesse, Dennis and Chen, Xi and van der Veen, Victor and Slowinska, Asia and Bos, Herbert},
date = {2016},
note = {Scan for other research project, demonstrates disasembly capability modernly as a survey paper minute 47.00 seconds}
}

@inproceedings{angel_defending_2016,
location = {Austin, {TX}},
title = {Defending against Malicious Peripherals with Cinch},
isbn = {978-1-931971-32-4},
url = {https://www.usenix.org/conference/usenixsecurity16/technical-sessions/presentation/angel},
pages = {397--414},
booktitle = {25th \{{USENIX}\} Security Symposium (\{{USENIX}\} Security 16)},
publisher = {\{{USENIX}\} Association},
author = {Angel, Sebastian and Wahby, Riad S and Howald, Max and Leners, Joshua B and Spilo, Michael and Sun, Zhen and Blumberg, Andrew J and Walfish, Michael},
date = {2016},
note = {A physical solution to provide a untrusted computer conection to trusted computer to protect from perphrials I think like {USB} periphrials minute 37.00 seconds}
}

@inproceedings{aviram_drown:_2016,
location = {Austin, {TX}},
title = {\{{DROWN}\}: Breaking \{{TLS}\} Using {SSLv}2},
isbn = {978-1-931971-32-4},
url = {https://www.usenix.org/conference/usenixsecurity16/technical-sessions/presentation/aviram},
pages = {689--706},
booktitle = {25th \{{USENIX}\} Security Symposium (\{{USENIX}\} Security 16)},
publisher = {\{{USENIX}\} Association},
author = {Aviram, Nimrod and Schinzel, Sebastian and Somorovsky, Juraj and Heninger, Nadia and Dankel, Maik and Steube, Jens and Valenta, Luke and Adrian, David and Halderman, J Alex and Dukhovni, Viktor and Käsper, Emilia and Cohney, Shaanan and Engels, Susanne and Paar, Christof and Shavitt, Yuval},
date = {2016},
note = {a possibly and very quick method for breaking {TLS} minute 39.00 seconds}
}

@inproceedings{bartos_optimized_2016,
location = {Austin, {TX}},
title = {Optimized Invariant Representation of Network Traffic for Detecting Unseen Malware Variants},
isbn = {978-1-931971-32-4},
url = {https://www.usenix.org/conference/usenixsecurity16/technical-sessions/presentation/bartos},
pages = {807--822},
booktitle = {25th \{{USENIX}\} Security Symposium (\{{USENIX}\} Security 16)},
publisher = {\{{USENIX}\} Association},
author = {Bartos, Karel and Sofka, Michal and Franc, Vojtech},
date = {2016},
note = {Creating a processing system to detect known and new mutated advanced persistent threats minute 46.00 seconds}
}

@inproceedings{bashir_tracing_2016,
location = {Austin, {TX}},
title = {Tracing Information Flows Between Ad Exchanges Using Retargeted Ads},
isbn = {978-1-931971-32-4},
url = {https://www.usenix.org/conference/usenixsecurity16/technical-sessions/presentation/bashir},
pages = {481--496},
booktitle = {25th \{{USENIX}\} Security Symposium (\{{USENIX}\} Security 16)},
publisher = {\{{USENIX}\} Association},
author = {Bashir, Muhammad Ahmad and Arshad, Sajjad and Robertson, William and Wilson, Christo},
date = {2016},
note = {How to detect and limit information flow between ad exchanges and ad targeting of user information 1.00 minute 8.00 seconds}
}

@inproceedings{biryukov_egalitarian_2016,
location = {Austin, {TX}},
title = {Egalitarian Computing},
isbn = {978-1-931971-32-4},
url = {https://www.usenix.org/conference/usenixsecurity16/technical-sessions/presentation/biryukov},
pages = {315--326},
booktitle = {25th \{{USENIX}\} Security Symposium (\{{USENIX}\} Security 16)},
publisher = {\{{USENIX}\} Association},
author = {Biryukov, Alex and Khovratovich, Dmitry},
date = {2016},
note = {Proposes using {FPGAs} and {GPUs} to do conterdefensive computing measure to make equal dificulty for attackers minute 54.00 seconds}
}

@inproceedings{cao_off-path_2016,
location = {Austin, {TX}},
title = {Off-Path \{{TCP}\} Exploits: Global Rate Limit Considered Dangerous},
isbn = {978-1-931971-32-4},
url = {https://www.usenix.org/conference/usenixsecurity16/technical-sessions/presentation/cao},
pages = {209--225},
booktitle = {25th \{{USENIX}\} Security Symposium (\{{USENIX}\} Security 16)},
publisher = {\{{USENIX}\} Association},
author = {Cao, Yue and Qian, Zhiyun and Wang, Zhongjie and Dao, Tuan and Krishnamurthy, Srikanth V and Marvel, Lisa M},
date = {2016},
note = {Discuses vulnerability {CVE}-2016-5696 published in {TCP} and how to mitigate it 1.00 minute 4.00 seconds}
}

@inproceedings{carlini_hidden_2016,
location = {Austin, {TX}},
title = {Hidden Voice Commands},
isbn = {978-1-931971-32-4},
url = {https://www.usenix.org/conference/usenixsecurity16/technical-sessions/presentation/carlini},
pages = {513--530},
booktitle = {25th \{{USENIX}\} Security Symposium (\{{USENIX}\} Security 16)},
publisher = {\{{USENIX}\} Association},
author = {Carlini, Nicholas and Mishra, Pratyush and Vaidya, Tavish and Zhang, Yuankai and Sherr, Micah and Shields, Clay and Wagner, David and Zhou, Wenchao},
date = {2016},
note = {Voice interaction for devices is common, authors create commands to attack these systems minute 33.00 seconds}
}

@inproceedings{caselli_specification_2016,
location = {Austin, {TX}},
title = {Specification Mining for Intrusion Detection in Networked Control Systems},
isbn = {978-1-931971-32-4},
url = {https://www.usenix.org/conference/usenixsecurity16/technical-sessions/presentation/caselli},
pages = {791--806},
booktitle = {25th \{{USENIX}\} Security Symposium (\{{USENIX}\} Security 16)},
publisher = {\{{USENIX}\} Association},
author = {Caselli, Marco and Zambon, Emmanuele and Amann, Johanna and Sommer, Robin and Kargl, Frank},
date = {2016},
note = {Create an automated rule generation for {IDS} minute 20.00 seconds}
}

@inproceedings{cho_fingerprinting_2016,
location = {Austin, {TX}},
title = {Fingerprinting Electronic Control Units for Vehicle Intrusion Detection},
isbn = {978-1-931971-32-4},
url = {https://www.usenix.org/conference/usenixsecurity16/technical-sessions/presentation/cho},
pages = {911--927},
booktitle = {25th \{{USENIX}\} Security Symposium (\{{USENIX}\} Security 16)},
publisher = {\{{USENIX}\} Association},
author = {Cho, Kyong-Tak and Shin, Kang G},
date = {2016},
note = {Finally, this is a usefull paper minute 37.00 seconds}
}

@inproceedings{costan_sanctum:_2016,
location = {Austin, {TX}},
title = {Sanctum: Minimal Hardware Extensions for Strong Software Isolation},
isbn = {978-1-931971-32-4},
url = {https://www.usenix.org/conference/usenixsecurity16/technical-sessions/presentation/costan},
pages = {857--874},
booktitle = {25th \{{USENIX}\} Security Symposium (\{{USENIX}\} Security 16)},
publisher = {\{{USENIX}\} Association},
author = {Costan, Victor and Lebedev, Ilia and Devadas, Srinivas},
date = {2016},
note = {Interesting for another project where they added blocks without changing a chip architecture to bypass built in functionality of a chipset minute 41.00 seconds}
}

@inproceedings{cristalli_micro-virtualization_2016,
location = {Austin, {TX}},
title = {Micro-Virtualization Memory Tracing to Detect and Prevent Spraying Attacks},
isbn = {978-1-931971-32-4},
url = {https://www.usenix.org/conference/usenixsecurity16/technical-sessions/presentation/stefano},
pages = {431--446},
booktitle = {25th \{{USENIX}\} Security Symposium (\{{USENIX}\} Security 16)},
publisher = {\{{USENIX}\} Association},
author = {Cristalli, Stefano and Pagnozzi, Mattia and Graziano, Mariano and Lanzi, Andrea and Balzarotti, Davide},
date = {2016},
note = {Stop the pain….this paper talks about creating a hypervisor that protects from spraying attacks against hidden memory minute 25.00 seconds}
}

@inproceedings{dechand_empirical_2016,
location = {Austin, {TX}},
title = {An Empirical Study of Textual Key-Fingerprint Representations},
isbn = {978-1-931971-32-4},
url = {https://www.usenix.org/conference/usenixsecurity16/technical-sessions/presentation/dechand},
pages = {193--208},
booktitle = {25th \{{USENIX}\} Security Symposium (\{{USENIX}\} Security 16)},
publisher = {\{{USENIX}\} Association},
author = {Dechand, Sergej and Schürmann, Dominik and Busse, Karoline and Acar, Yasemin and Fahl, Sascha and Smith, Matthew},
date = {2016},
note = {focused on vulnerabilities in fingerprenting using hexadecimal strings and provides a proposed solution 1.00 minute 20.00 seconds}
}

@inproceedings{dowling_authenticated_2016,
location = {Austin, {TX}},
title = {Authenticated Network Time Synchronization},
isbn = {978-1-931971-32-4},
url = {https://www.usenix.org/conference/usenixsecurity16/technical-sessions/presentation/dowling},
pages = {823--840},
booktitle = {25th \{{USENIX}\} Security Symposium (\{{USENIX}\} Security 16)},
publisher = {\{{USENIX}\} Association},
author = {Dowling, Benjamin and Stebila, Douglas and Zaverucha, Greg},
date = {2016},
note = {Created an authenticated ntp in order to protect systems from a timing attack minute 35.00 seconds}
}

@inproceedings{du_ever-changing_2016,
location = {Austin, {TX}},
title = {The Ever-Changing Labyrinth: A Large-Scale Analysis of Wildcard \{{DNS}\} Powered Blackhat \{{SEO}\}},
isbn = {978-1-931971-32-4},
url = {https://www.usenix.org/conference/usenixsecurity16/technical-sessions/presentation/du},
pages = {245--262},
booktitle = {25th \{{USENIX}\} Security Symposium (\{{USENIX}\} Security 16)},
publisher = {\{{USENIX}\} Association},
author = {Du, Kun and Yang, Hao and Li, Zhou and Duan, Haixin and Zhang, Kehuan},
date = {2016},
note = {Interesting but focused on {SEO} and crawler {DNS} wildcard malicious activity 1.00 minute 0.00 seconds}
}

@inproceedings{elnikety_thoth:_2016,
location = {Austin, {TX}},
title = {Thoth: Comprehensive Policy Compliance in Data Retrieval Systems},
isbn = {978-1-931971-32-4},
url = {https://www.usenix.org/conference/usenixsecurity16/technical-sessions/presentation/elnikety},
pages = {637--654},
booktitle = {25th \{{USENIX}\} Security Symposium (\{{USENIX}\} Security 16)},
publisher = {\{{USENIX}\} Association},
author = {Elnikety, Eslam and Mehta, Aastha and Vahldiek-Oberwagner, Anjo and Garg, Deepak and Druschel, Peter},
date = {2016},
note = {A confidential preservering data capture solutino for large and complex systems minute 30.00 seconds}
}

@inproceedings{fernandes_flowfence:_2016,
location = {Austin, {TX}},
title = {{FlowFence}: Practical Data Protection for Emerging {IoT} Application Frameworks},
isbn = {978-1-931971-32-4},
url = {https://www.usenix.org/conference/usenixsecurity16/technical-sessions/presentation/fernandes},
pages = {531--548},
booktitle = {25th \{{USENIX}\} Security Symposium (\{{USENIX}\} Security 16)},
publisher = {\{{USENIX}\} Association},
author = {Fernandes, Earlence and Paupore, Justin and Rahmati, Amir and Simionato, Daniel and Conti, Mauro and Prakash, Atul},
date = {2016},
note = {A useful scan paper considering flow of data between hand held {IoT} devices and the larger scheme of information sharing and security minute 30.00 seconds}
}

@inproceedings{garcia_lock_2016,
location = {Austin, {TX}},
title = {Lock It and Still Lose It \{\${\textbackslash}backslash\$textemdash\}on the (In)Security of Automotive Remote Keyless Entry Systems},
url = {https://www.usenix.org/conference/usenixsecurity16/technical-sessions/presentation/garcia},
booktitle = {25th \{{USENIX}\} Security Symposium (\{{USENIX}\} Security 16)},
publisher = {\{{USENIX}\} Association},
author = {Garcia, Flavio D and Oswald, David and Kasper, Timo and Pavlidès, Pierre},
date = {2016},
note = {{AWESOME}! This is what I have been looking for vulnerability analysis in crypto codes of {RKEs} for vehicles minute 21.00 seconds}
}

@inproceedings{garman_dancing_2016,
location = {Austin, {TX}},
title = {Dancing on the Lip of the Volcano: Chosen Ciphertext Attacks on Apple {iMessage}},
isbn = {978-1-931971-32-4},
url = {https://www.usenix.org/conference/usenixsecurity16/technical-sessions/presentation/garman},
pages = {655--672},
booktitle = {25th \{{USENIX}\} Security Symposium (\{{USENIX}\} Security 16)},
publisher = {\{{USENIX}\} Association},
author = {Garman, Christina and Green, Matthew and Kaptchuk, Gabriel and Miers, Ian and Rushanan, Michael},
date = {2016},
note = {A possible way to decrypt a ciphertext conversation after it occurred on a iphone minute 37.00 seconds}
}

@inproceedings{goethem_request_2016,
location = {Austin, {TX}},
title = {Request and Conquer: Exposing Cross-Origin Resource Size},
isbn = {978-1-931971-32-4},
url = {https://www.usenix.org/conference/usenixsecurity16/technical-sessions/presentation/goethem},
pages = {447--462},
booktitle = {25th \{{USENIX}\} Security Symposium (\{{USENIX}\} Security 16)},
publisher = {\{{USENIX}\} Association},
author = {Goethem, Tom Van and Vanhoef, Mathy and Piessens, Frank and Joosen, Wouter},
date = {2016},
note = {Vulnerabilities in {TLS} based on packet size that allow an attacker to get {PII} minute 37.00 seconds}
}

@inproceedings{gokta$backslash$c_s_undermining_2016,
location = {Austin, {TX}},
title = {Undermining Information Hiding (and What to Do about It)},
isbn = {978-1-931971-32-4},
url = {https://www.usenix.org/conference/usenixsecurity16/technical-sessions/presentation/goktas},
pages = {105--119},
booktitle = {25th \{{USENIX}\} Security Symposium (\{{USENIX}\} Security 16)},
publisher = {\{{USENIX}\} Association},
author = {Gökta{\textbackslash}\$\{{\textbackslash}textbackslash\}backslash{\textbackslash}\$c s, Enes and Gawlik, Robert and Kollenda, Benjamin and Athanasopoulos, Elias and Portokalidis, Georgios and Giuffrida, Cristiano and Bos, Herbert},
date = {2016},
note = {Focused on how to break information hiding with stack spraying 1.00 minute 47.00 seconds}
}

@inproceedings{jana_automatically_2016,
location = {Austin, {TX}},
title = {Automatically Detecting Error Handling Bugs Using Error Specifications},
isbn = {978-1-931971-32-4},
url = {https://www.usenix.org/conference/usenixsecurity16/technical-sessions/presentation/jana},
pages = {345--362},
booktitle = {25th \{{USENIX}\} Security Symposium (\{{USENIX}\} Security 16)},
publisher = {\{{USENIX}\} Association},
author = {Jana, Suman and Kang, Yuan Jochen and Roth, Samuel and Ray, Baishakhi},
date = {2016},
note = {Research into error finding in primitive languages like C that do not provide error handeling automatically minute 51.00 seconds}
}

@inproceedings{kharaz_unveil:_2016,
location = {Austin, {TX}},
title = {\{{UNVEIL}\}: A Large-Scale, Automated Approach to Detecting Ransomware},
isbn = {978-1-931971-32-4},
url = {https://www.usenix.org/conference/usenixsecurity16/technical-sessions/presentation/kharaz},
pages = {757--772},
booktitle = {25th \{{USENIX}\} Security Symposium (\{{USENIX}\} Security 16)},
publisher = {\{{USENIX}\} Association},
author = {Kharaz, Amin and Arshad, Sajjad and Mulliner, Collin and Robertson, William and Kirda, Engin},
date = {2016},
note = {Usefull for another study because it detects when ransomware interacts with user data, kind of like a hypervisor but kind of not minute 47.00 seconds}
}

@inproceedings{kogias_enhancing_2016,
location = {Austin, {TX}},
title = {Enhancing Bitcoin Security and Performance with Strong Consistency via Collective Signing},
isbn = {978-1-931971-32-4},
url = {https://www.usenix.org/conference/usenixsecurity16/technical-sessions/presentation/kogias},
pages = {279--296},
booktitle = {25th \{{USENIX}\} Security Symposium (\{{USENIX}\} Security 16)},
publisher = {\{{USENIX}\} Association},
author = {Kogias, Eleftherios Kokoris and Jovanovic, Philipp and Gailly, Nicolas and Khoffi, Ismail and Gasser, Linus and Ford, Bryan},
date = {2016},
note = {{BitCoin} processing through a better method minute 50.00 seconds}
}

@inproceedings{kohlbrenner_trusted_2016,
location = {Austin, {TX}},
title = {Trusted Browsers for Uncertain Times},
isbn = {978-1-931971-32-4},
url = {https://www.usenix.org/conference/usenixsecurity16/technical-sessions/presentation/kohlbrenner},
pages = {463--480},
booktitle = {25th \{{USENIX}\} Security Symposium (\{{USENIX}\} Security 16)},
publisher = {\{{USENIX}\} Association},
author = {Kohlbrenner, David and Shacham, Hovav},
date = {2016},
note = {How to protect against fuzzing time in java timing reference codes minute 39.00 seconds}
}

@inproceedings{kotzias_measuring_2016,
location = {Austin, {TX}},
title = {Measuring \{{PUP}\} Prevalence and \{{PUP}\} Distribution through Pay-Per-Install Services},
isbn = {978-1-931971-32-4},
url = {https://www.usenix.org/conference/usenixsecurity16/technical-sessions/presentation/kotzias},
pages = {739--756},
booktitle = {25th \{{USENIX}\} Security Symposium (\{{USENIX}\} Security 16)},
publisher = {\{{USENIX}\} Association},
author = {Kotzias, Platon and Bilge, Leyla and Caballero, Juan},
date = {2016},
note = {Study of unwanted sofware and analyzing it minute 27.00 seconds}
}

@inproceedings{lipp_armageddon:_2016,
location = {Austin, {TX}},
title = {{ARMageddon}: Cache Attacks on Mobile Devices},
isbn = {978-1-931971-32-4},
url = {https://www.usenix.org/conference/usenixsecurity16/technical-sessions/presentation/lipp},
pages = {549--564},
booktitle = {25th \{{USENIX}\} Security Symposium (\{{USENIX}\} Security 16)},
publisher = {\{{USENIX}\} Association},
author = {Lipp, Moritz and Gruss, Daniel and Spreitzer, Raphael and Maurice, Clémentine and Mangard, Stefan},
date = {2016},
note = {How to do side channell attacks on andriod multi {ARM} processor architecture minute 28.00 seconds}
}

@inproceedings{maisuradze_what_2016,
location = {Austin, {TX}},
title = {What Cannot Be Read, Cannot Be Leveraged? Revisiting Assumptions of {JIT}-{ROP} Defenses},
isbn = {978-1-931971-32-4},
url = {https://www.usenix.org/conference/usenixsecurity16/technical-sessions/presentation/maisuradze},
pages = {139--156},
booktitle = {25th \{{USENIX}\} Security Symposium (\{{USENIX}\} Security 16)},
publisher = {\{{USENIX}\} Association},
author = {Maisuradze, Giorgi and Backes, Michael and Rossow, Christian},
date = {2016},
note = {Focused on executable run time compile on demand schemes called {JIT}-{ROP} 1.00 minute 50.00 seconds}
}

@inproceedings{melicher_fast_2016,
location = {Austin, {TX}},
title = {Fast, Lean, and Accurate: Modeling Password Guessability Using Neural Networks},
isbn = {978-1-931971-32-4},
url = {https://www.usenix.org/conference/usenixsecurity16/technical-sessions/presentation/melicher},
pages = {175--191},
booktitle = {25th \{{USENIX}\} Security Symposium (\{{USENIX}\} Security 16)},
publisher = {\{{USENIX}\} Association},
author = {Melicher, William and Ur, Blase and Segreti, Sean M and Komanduri, Saranga and Bauer, Lujo and Christin, Nicolas and Cranor, Lorrie Faith},
date = {2016},
note = {May be worth learning about better options for password crackign using neaural network techniques that are faster than brute force. minute 56.00 seconds}
}

@inproceedings{nakibly_website-targeted_2016,
location = {Austin, {TX}},
title = {Website-Targeted False Content Injection by Network Operators},
isbn = {978-1-931971-32-4},
url = {https://www.usenix.org/conference/usenixsecurity16/technical-sessions/presentation/nakibly},
pages = {227--244},
booktitle = {25th \{{USENIX}\} Security Symposium (\{{USENIX}\} Security 16)},
publisher = {\{{USENIX}\} Association},
author = {Nakibly, Gabi and Schcolnik, Jaime and Rubin, Yossi},
date = {2016},
note = {Interesting but focused on injection of material for web sites from operators 1.00 minute 42.00 seconds}
}

@inproceedings{nelms_towards_2016,
location = {Austin, {TX}},
title = {Towards Measuring and Mitigating Social Engineering Software Download Attacks},
isbn = {978-1-931971-32-4},
url = {https://www.usenix.org/conference/usenixsecurity16/technical-sessions/presentation/nelms},
pages = {773--789},
booktitle = {25th \{{USENIX}\} Security Symposium (\{{USENIX}\} Security 16)},
publisher = {\{{USENIX}\} Association},
author = {Nelms, Terry and Perdisci, Roberto and Antonakakis, Manos and Ahamad, Mustaque},
date = {2016},
note = {Study of sucesfull social engineering tactics to lure users to download malware minute 24.00 seconds}
}

@inproceedings{ohrimenko_oblivious_2016,
location = {Austin, {TX}},
title = {Oblivious Multi-Party Machine Learning on Trusted Processors},
isbn = {978-1-931971-32-4},
url = {https://www.usenix.org/conference/usenixsecurity16/technical-sessions/presentation/ohrimenko},
pages = {619--636},
booktitle = {25th \{{USENIX}\} Security Symposium (\{{USENIX}\} Security 16)},
publisher = {\{{USENIX}\} Association},
author = {Ohrimenko, Olga and Schuster, Felix and Fournet, Cedric and Mehta, Aastha and Nowozin, Sebastian and Vaswani, Kapil and Costa, Manuel},
date = {2016},
note = {Machine learning using multiple data sets but keeping privacy of the data sets minute 36.00 seconds}
}

@inproceedings{oikonomopoulos_poking_2016,
location = {Austin, {TX}},
title = {Poking Holes in Information Hiding},
isbn = {978-1-931971-32-4},
url = {https://www.usenix.org/conference/usenixsecurity16/technical-sessions/presentation/oikonomopoulos},
pages = {121--138},
booktitle = {25th \{{USENIX}\} Security Symposium (\{{USENIX}\} Security 16)},
publisher = {\{{USENIX}\} Association},
author = {Oikonomopoulos, Angelos and Athanasopoulos, Elias and Bos, Herbert and Giuffrida, Cristiano},
date = {2016},
note = {Focused on how to break information hiding with large memory addressing 1.00 minute 32.00 seconds}
}

@inproceedings{pessl_drama:_2016,
location = {Austin, {TX}},
title = {\{{DRAMA}\}: Exploiting \{{DRAM}\} Addressing for Cross-{CPU} Attacks},
isbn = {978-1-931971-32-4},
url = {https://www.usenix.org/conference/usenixsecurity16/technical-sessions/presentation/pessl},
pages = {565--581},
booktitle = {25th \{{USENIX}\} Security Symposium (\{{USENIX}\} Security 16)},
publisher = {\{{USENIX}\} Association},
author = {Pessl, Peter and Gruss, Daniel and Maurice, Clémentine and Schwarz, Michael and Mangard, Stefan},
date = {2016},
note = {How to maliciously gain access to data on hypervised machine like server to gain access to other cloud users minute 30.00 seconds}
}

@inproceedings{plohmann_comprehensive_2016,
location = {Austin, {TX}},
title = {A Comprehensive Measurement Study of Domain Generating Malware},
isbn = {978-1-931971-32-4},
url = {https://www.usenix.org/conference/usenixsecurity16/technical-sessions/presentation/plohmann},
pages = {263--278},
booktitle = {25th \{{USENIX}\} Security Symposium (\{{USENIX}\} Security 16)},
publisher = {\{{USENIX}\} Association},
author = {Plohmann, Daniel and Yakdan, Khaled and Klatt, Michael and Bader, Johannes and Gerhards-Padilla, Elmar},
date = {2016},
note = {Focused on botnets command and control through Domain Generation Algorithms ({DGAs}) 1.00 minute 48.00 seconds}
}

@inproceedings{raj_ftpm:_2016,
location = {Austin, {TX}},
title = {{fTPM}: A Software-Only Implementation of a \{{TPM}\} Chip},
isbn = {978-1-931971-32-4},
url = {https://www.usenix.org/conference/usenixsecurity16/technical-sessions/presentation/raj},
pages = {841--856},
booktitle = {25th \{{USENIX}\} Security Symposium (\{{USENIX}\} Security 16)},
publisher = {\{{USENIX}\} Association},
author = {Raj, Himanshu and Saroiu, Stefan and Wolman, Alec and Aigner, Ronald and Cox, Jeremiah and England, Paul and Fenner, Chris and Kinshumann, Kinshuman and Loeser, Jork and Mattoon, Dennis and Nystrom, Magnus and Robinson, David and Spiger, Rob and Thom, Stefan and Wooten, David},
date = {2016},
note = {Created a software system to provide like results as {TPM} in hardware minute 32.00 seconds}
}

@inproceedings{rane_secure_2016,
location = {Austin, {TX}},
title = {Secure, Precise, and Fast Floating-Point Operations on x86 Processors},
isbn = {978-1-931971-32-4},
url = {https://www.usenix.org/conference/usenixsecurity16/technical-sessions/presentation/rane},
pages = {71--86},
booktitle = {25th \{{USENIX}\} Security Symposium (\{{USENIX}\} Security 16)},
publisher = {\{{USENIX}\} Association},
author = {Rane, Ashay and Lin, Calvin and Tiwari, Mohit},
date = {2016},
note = {memory floating point and side channells 1.00 minute 18.00 seconds}
}

@inproceedings{razavi_flip_2016,
location = {Austin, {TX}},
title = {Flip Feng Shui: Hammering a Needle in the Software Stack},
isbn = {978-1-931971-32-4},
url = {https://www.usenix.org/conference/usenixsecurity16/technical-sessions/presentation/razavi},
pages = {1--18},
booktitle = {25th \{{USENIX}\} Security Symposium (\{{USENIX}\} Security 16)},
publisher = {\{{USENIX}\} Association},
author = {Razavi, Kaveh and Gras, Ben and Bosman, Erik and Preneel, Bart and Giuffrida, Cristiano and Bos, Herbert},
date = {2016},
note = {focused on memory management manipulation to gain values such as secret key 4.00 minute 30.00 seconds}
}

@inproceedings{rindal_faster_2016,
location = {Austin, {TX}},
title = {Faster Malicious 2-Party Secure Computation with Online/Offline Dual Execution},
isbn = {978-1-931971-32-4},
url = {https://www.usenix.org/conference/usenixsecurity16/technical-sessions/presentation/rindal},
pages = {297--314},
booktitle = {25th \{{USENIX}\} Security Symposium (\{{USENIX}\} Security 16)},
publisher = {\{{USENIX}\} Association},
author = {Rindal, Peter and Rosulek, Mike},
date = {2016},
note = {Proposes a more secure protocol for P2P 1.00 minute 10.00 seconds}
}

@inproceedings{song_pikit:_2016,
location = {Austin, {TX}},
title = {{PIkit}: A New Kernel-Independent Processor-Interconnect Rootkit},
isbn = {978-1-931971-32-4},
url = {https://www.usenix.org/conference/usenixsecurity16/technical-sessions/presentation/song},
pages = {37--51},
booktitle = {25th \{{USENIX}\} Security Symposium (\{{USENIX}\} Security 16)},
publisher = {\{{USENIX}\} Association},
author = {Song, Wonjun and Choi, Hyunwoo and Kim, Junhong and Kim, Eunsoo and Kim, Yongdae and Kim, John},
date = {2016},
note = {focused on memory management row hammer of {DRAM} 1.00 minute 45.00 seconds}
}

@inproceedings{strackx_ariadne:_2016,
location = {Austin, {TX}},
title = {Ariadne: A Minimal Approach to State Continuity},
isbn = {978-1-931971-32-4},
url = {https://www.usenix.org/conference/usenixsecurity16/technical-sessions/presentation/strackx},
pages = {875--892},
booktitle = {25th \{{USENIX}\} Security Symposium (\{{USENIX}\} Security 16)},
publisher = {\{{USENIX}\} Association},
author = {Strackx, Raoul and Piessens, Frank},
date = {2016},
note = {A solution to isolated processing that has caused inconsistent states minute 31.00 seconds}
}

@inproceedings{svenda_million-key_2016,
location = {Austin, {TX}},
title = {The Million-Key Question\{\${\textbackslash}backslash\$textemdash\}Investigating the Origins of \{{RSA}\} Public Keys},
isbn = {978-1-931971-32-4},
url = {https://www.usenix.org/conference/usenixsecurity16/technical-sessions/presentation/svenda},
pages = {893--910},
booktitle = {25th \{{USENIX}\} Security Symposium (\{{USENIX}\} Security 16)},
publisher = {\{{USENIX}\} Association},
author = {Svenda, Petr and Nemec, Matus and Sekan, Peter and Kvasnovsky, Rudolf and Formanek, David and Komarek, David and Matyas, Vashek},
date = {2016},
note = {Very interesting may reveal other crypto techniques for crypto analysis minute 38.00 seconds}
}

@inproceedings{thomas_investigating_2016,
location = {Austin, {TX}},
title = {Investigating Commercial Pay-Per-Install and the Distribution of Unwanted Software},
isbn = {978-1-931971-32-4},
url = {https://www.usenix.org/conference/usenixsecurity16/technical-sessions/presentation/thomas},
pages = {721--739},
booktitle = {25th \{{USENIX}\} Security Symposium (\{{USENIX}\} Security 16)},
publisher = {\{{USENIX}\} Association},
author = {Thomas, Kurt and Crespo, Juan A Elices and Rasti, Ryan and Picod, Jean-Michel and Phillips, Cait and Decoste, Marc-André and Sharp, Chris and Tirelo, Fabio and Tofigh, Ali and Courteau, Marc-Antoine and Ballard, Lucas and Shield, Robert and Jagpal, Nav and Rajab, Moheeb Abu and Mavrommatis, Panayiotis and Provos, Niels and Bursztein, Elie and {McCoy}, Damon},
date = {2016},
note = {Analysis of pay-per install as bundled comodatee minute 21.00 seconds}
}

@inproceedings{tian_making_2016,
location = {Austin, {TX}},
title = {Making \{{USB}\} Great Again with \{{USBFILTER}\}},
isbn = {978-1-931971-32-4},
url = {https://www.usenix.org/conference/usenixsecurity16/technical-sessions/presentation/tian},
pages = {415--430},
booktitle = {25th \{{USENIX}\} Security Symposium (\{{USENIX}\} Security 16)},
publisher = {\{{USENIX}\} Association},
author = {Tian, Dave (Jing) and Scaife, Nolen and Bates, Adam and Butler, Kevin and Traynor, Patrick},
date = {2016},
note = {Packet level accesss control for {USB} devices minute 38.00 seconds}
}

@inproceedings{torres-arias_omitting_2016,
location = {Austin, {TX}},
title = {On Omitting Commits and Committing Omissions: Preventing Git Metadata Tampering That (Re)introduces Software Vulnerabilities},
isbn = {978-1-931971-32-4},
url = {https://www.usenix.org/conference/usenixsecurity16/technical-sessions/presentation/torres-arias},
pages = {379--395},
booktitle = {25th \{{USENIX}\} Security Symposium (\{{USENIX}\} Security 16)},
publisher = {\{{USENIX}\} Association},
author = {Torres-Arias, Santiago and Ammula, Anil Kumar and Curtmola, Reza and Cappos, Justin},
date = {2016},
note = {A metadata attack on repositories like {GIT} that provide malicious options to inject unsafe code minute 41.00 seconds}
}

@inproceedings{tramer_stealing_2016,
location = {Austin, {TX}},
title = {Stealing Machine Learning Models via Prediction {APIs}},
isbn = {978-1-931971-32-4},
url = {https://www.usenix.org/conference/usenixsecurity16/technical-sessions/presentation/tramer},
pages = {601--618},
booktitle = {25th \{{USENIX}\} Security Symposium (\{{USENIX}\} Security 16)},
publisher = {\{{USENIX}\} Association},
author = {Tramèr, Florian and Zhang, Fan and Juels, Ari and Reiter, Michael K and Ristenpart, Thomas},
date = {2016},
note = {A black box test is built that can steal a confidential Machine learning model minute 42.00 seconds}
}

@inproceedings{vasudevan_uberspark:_2016,
location = {Austin, {TX}},
title = {ü{berSpark}: Enforcing Verifiable Object Abstractions for Automated Compositional Security Analysis of a Hypervisor},
isbn = {978-1-931971-32-4},
url = {https://www.usenix.org/conference/usenixsecurity16/technical-sessions/presentation/vasudevan},
pages = {87--104},
booktitle = {25th \{{USENIX}\} Security Symposium (\{{USENIX}\} Security 16)},
publisher = {\{{USENIX}\} Association},
author = {Vasudevan, Amit and Chaki, Sagar and Maniatis, Petros and Jia, Limin and Datta, Anupam},
date = {2016},
note = {focused on hypervisors 1.00 minute 2.00 seconds}
}

@inproceedings{wheeler_zxcvbn:_2016,
location = {Austin, {TX}},
title = {zxcvbn: Low-Budget Password Strength Estimation},
isbn = {978-1-931971-32-4},
url = {https://www.usenix.org/conference/usenixsecurity16/technical-sessions/presentation/wheeler},
pages = {157--173},
booktitle = {25th \{{USENIX}\} Security Symposium (\{{USENIX}\} Security 16)},
publisher = {\{{USENIX}\} Association},
author = {Wheeler, Daniel Lowe},
date = {2016},
note = {Replacement code for Lower Upercase and Digits and Symbols password strength estimator ({LUDS}) 1.00 minute 15.00 seconds}
}

@inproceedings{xu_virtual_2016,
location = {Austin, {TX}},
title = {Virtual U: Defeating Face Liveness Detection by Building Virtual Models from Your Public Photos},
isbn = {978-1-931971-32-4},
url = {https://www.usenix.org/conference/usenixsecurity16/technical-sessions/presentation/xu},
pages = {497--512},
booktitle = {25th \{{USENIX}\} Security Symposium (\{{USENIX}\} Security 16)},
publisher = {\{{USENIX}\} Association},
author = {Xu, Yi and Price, True and Frahm, Jan-Michael and Monrose, Fabian},
date = {2016},
note = {How to defeat facial recongnition software by 3D rendering of 2d social pictures of target minute 33.00 seconds}
}

@inproceedings{yun_apisan:_2016,
location = {Austin, {TX}},
title = {{APISan}: Sanitizing \{{API}\} Usages through Semantic Cross-Checking},
isbn = {978-1-931971-32-4},
url = {https://www.usenix.org/conference/usenixsecurity16/technical-sessions/presentation/yun},
pages = {363--378},
booktitle = {25th \{{USENIX}\} Security Symposium (\{{USENIX}\} Security 16)},
publisher = {\{{USENIX}\} Association},
author = {Yun, Insu and Min, Changwoo and Si, Xujie and Jang, Yeongjin and Kim, Taesoo and Naik, Mayur},
date = {2016},
note = {Tool to quality check code for secure {API} ussage minute 36.00 seconds}
}

@inproceedings{zhang_all_2016,
location = {Austin, {TX}},
title = {All Your Queries Are Belong to Us: The Power of File-Injection Attacks on Searchable Encryption},
isbn = {978-1-931971-32-4},
url = {https://www.usenix.org/conference/usenixsecurity16/technical-sessions/presentation/zhang},
pages = {707--720},
booktitle = {25th \{{USENIX}\} Security Symposium (\{{USENIX}\} Security 16)},
publisher = {\{{USENIX}\} Association},
author = {Zhang, Yupeng and Katz, Jonathan and Papamanthou, Charalampos},
date = {2016},
note = {query and injection methods for breakign encryption on systems minute 28.00 seconds}
}

@book{noauthor_25th_2016,
location = {Austin, {TX}},
title = {25th \{{USENIX}\} Security Symposium (\{{USENIX}\} Security 16)},
isbn = {978-1-931971-32-4},
url = {https://www.usenix.org/conference/usenixsecurity16},
publisher = {\{{USENIX}\} Association},
date = {2016}
}
